@article{jiang2016drlt,
  title={Cryptocurrency Portfolio Management with Deep Reinforcement Learning},
  author={Jiang, Zhengyao},
  journal={arXiv preprint arXiv:1612.01277},
  year={2016}
}

@article{jiang2017eIIE,
  title={A Deep Reinforcement Learning Framework for the Financial Portfolio Management Problem},
  author={Jiang, Zhengyao and Xu, Dixing and Liang, Jinjun},
  journal={arXiv preprint arXiv:1706.10059},
  year={2017}
}

@inproceedings{ye2020sarl,
  title={State Augmented Reinforcement Learning for Portfolio Management},
  author={Ye, Yifeng and Zhang, Xiying and Zhang, Li and Wang, Hao and Wang, Defu},
  booktitle={Proceedings of the AAAI Conference on Artificial Intelligence},
  year={2020},
  note={arXiv:2002.05780}
}

@article{lucarelli2020dqlcrypto,
  title={Deep Reinforcement Learning for Cryptocurrency Trading},
  author={Lucarelli, Giorgio and Borrotti, Mario},
  journal={Neural Computing and Applications},
  year={2020}
}

@article{mnih2015dqn,
  title={Human-level control through deep reinforcement learning},
  author={Mnih, Volodymyr and Kavukcuoglu, Koray and Silver, David and others},
  journal={Nature},
  volume={518},
  number={7540},
  pages={529--533},
  year={2015}
}

@article{huo2017riskbandit,
  title={Risk-aware multi-armed bandit and portfolio selection},
  author={Huo, Hong and Fu, Michael C},
  journal={Royal Society Open Science},
  volume={4},
  number={1},
  pages={160641},
  year={2017}
}

@article{fonseca2024banditnets,
  title={Improving Portfolio Optimization Results with Bandit Networks},
  author={de Freitas Fonseca, Pedro and others},
  journal={arXiv preprint arXiv:2410.04217},
  year={2024}
}

@article{makridakis2019mmppo,
  title={Deep Reinforcement Learning for Cryptocurrency Market Making (A2C/PPO)},
  author={Makridakis, John and others},
  journal={arXiv preprint},
  year={2019},
  note={Representative PPO/A2C crypto market-making literature. Substitute with the exact paper used in your bibliography.}
}